@ARTICLE{2000ApJ...538..473L,
   author = {{Lewis}, A. and {Challinor}, A. and {Lasenby}, A.},
    title = "{Efficient Computation of Cosmic Microwave Background Anisotropies in Closed Friedmann-Robertson-Walker Models}",
  journal = {\apj},
   eprint = {astro-ph/9911177},
 keywords = {Cosmology: Cosmic Microwave Background, Cosmology: Theory},
     year = 2000,
    month = aug,
   volume = 538,
    pages = {473-476},
      doi = {10.1086/309179},
   adsurl = {http://adsabs.harvard.edu/abs/2000ApJ...538..473L},
  adsnote = {Provided by the SAO/NASA Astrophysics Data System}
}

@ARTICLE{2015arXiv150201589P,
   author = {{Planck Collaboration} and {Ade}, P.~A.~R. and {Aghanim}, N. and 
	{Arnaud}, M. and {Ashdown}, M. and {Aumont}, J. and {Baccigalupi}, C. and 
	{Banday}, A.~J. and {Barreiro}, R.~B. and {Bartlett}, J.~G. and et al.},
    title = "{Planck 2015 results. XIII. Cosmological parameters}",
  journal = {ArXiv e-prints},
archivePrefix = "arXiv",
   eprint = {1502.01589},
 keywords = {Astrophysics - Cosmology and Nongalactic Astrophysics},
     year = 2015,
    month = feb,
   adsurl = {http://adsabs.harvard.edu/abs/2015arXiv150201589P},
  adsnote = {Provided by the SAO/NASA Astrophysics Data System}
}

@ARTICLE{2013JCAP...09..001N,
   author = {{N{\ae}ss}, S.~K. and {Louis}, T.},
    title = "{Lensing simulations by Taylor expansion {\mdash} not so inefficient after all}",
  journal = {\jcap},
archivePrefix = "arXiv",
   eprint = {1307.0719},
     year = 2013,
    month = sep,
   volume = 9,
      eid = {001},
    pages = {001},
      doi = {10.1088/1475-7516/2013/09/001},
   adsurl = {http://adsabs.harvard.edu/abs/2013JCAP...09..001N},
  adsnote = {Provided by the SAO/NASA Astrophysics Data System}
}

@BOOK{1986rpa..book.....R,
   author = {{Rybicki}, G.~B. and {Lightman}, A.~P.},
    title = "{Radiative Processes in Astrophysics}",
booktitle = {Radiative Processes in Astrophysics, by George B.~Rybicki, Alan P.~Lightman, pp.~400.~ISBN 0-471-82759-2.~Wiley-VCH , June 1986.},
     year = 1986,
    month = jun,
   adsurl = {http://adsabs.harvard.edu/abs/1986rpa..book.....R},
  adsnote = {Provided by the SAO/NASA Astrophysics Data System}
}

@ARTICLE{1982A&AS...47....1H,
   author = {{Haslam}, C.~G.~T. and {Salter}, C.~J. and {Stoffel}, H. and 
	{Wilson}, W.~E.},
    title = "{A 408 MHz all-sky continuum survey. II - The atlas of contour maps}",
  journal = {\aaps},
 keywords = {Astronomical Maps, Radio Astronomy, Ultrahigh Frequencies, Galactic Structure, Radio Telescopes, Relief Maps},
     year = 1982,
    month = jan,
   volume = 47,
    pages = {1},
   adsurl = {http://adsabs.harvard.edu/abs/1982A%26AS...47....1H},
  adsnote = {Provided by the SAO/NASA Astrophysics Data System}
}

@ARTICLE{2013ApJS..208...20B,
   author = {{Bennett}, C.~L. and {Larson}, D. and {Weiland}, J.~L. and {Jarosik}, N. and 
	{Hinshaw}, G. and {Odegard}, N. and {Smith}, K.~M. and {Hill}, R.~S. and 
	{Gold}, B. and {Halpern}, M. and {Komatsu}, E. and {Nolta}, M.~R. and 
	{Page}, L. and {Spergel}, D.~N. and {Wollack}, E. and {Dunkley}, J. and 
	{Kogut}, A. and {Limon}, M. and {Meyer}, S.~S. and {Tucker}, G.~S. and 
	{Wright}, E.~L.},
    title = "{Nine-year Wilkinson Microwave Anisotropy Probe (WMAP) Observations: Final Maps and Results}",
  journal = {\apjs},
archivePrefix = "arXiv",
   eprint = {1212.5225},
 keywords = {cosmic background radiation, cosmology: observations, dark matter, early universe, instrumentation: detectors, space vehicles, space vehicles: instruments, telescopes},
     year = 2013,
    month = oct,
   volume = 208,
      eid = {20},
    pages = {20},
      doi = {10.1088/0067-0049/208/2/20},
   adsurl = {http://adsabs.harvard.edu/abs/2013ApJS..208...20B},
  adsnote = {Provided by the SAO/NASA Astrophysics Data System}
}

@ARTICLE{2013A&A...553A..96D,
   author = {{Delabrouille}, J. and {Betoule}, M. and {Melin}, J.-B. and 
	{Miville-Desch{\^e}nes}, M.-A. and {Gonzalez-Nuevo}, J. and 
	{Le Jeune}, M. and {Castex}, G. and {de Zotti}, G. and {Basak}, S. and 
	{Ashdown}, M. and {Aumont}, J. and {Baccigalupi}, C. and {Banday}, A.~J. and 
	{Bernard}, J.-P. and {Bouchet}, F.~R. and {Clements}, D.~L. and 
	{da Silva}, A. and {Dickinson}, C. and {Dodu}, F. and {Dolag}, K. and 
	{Elsner}, F. and {Fauvet}, L. and {Fa{\"y}}, G. and {Giardino}, G. and 
	{Leach}, S. and {Lesgourgues}, J. and {Liguori}, M. and {Mac{\'{\i}}as-P{\'e}rez}, J.~F. and 
	{Massardi}, M. and {Matarrese}, S. and {Mazzotta}, P. and {Montier}, L. and 
	{Mottet}, S. and {Paladini}, R. and {Partridge}, B. and {Piffaretti}, R. and 
	{Prezeau}, G. and {Prunet}, S. and {Ricciardi}, S. and {Roman}, M. and 
	{Schaefer}, B. and {Toffolatti}, L.},
    title = "{The pre-launch Planck Sky Model: a model of sky emission at submillimetre to centimetre wavelengths}",
  journal = {\aap},
archivePrefix = "arXiv",
   eprint = {1207.3675},
 keywords = {cosmology: miscellaneous, radio continuum: general, submillimeter: general, cosmic background radiation, ISM: general, galaxies: general},
     year = 2013,
    month = may,
   volume = 553,
      eid = {A96},
    pages = {A96},
      doi = {10.1051/0004-6361/201220019},
   adsurl = {http://adsabs.harvard.edu/abs/2013A%26A...553A..96D},
  adsnote = {Provided by the SAO/NASA Astrophysics Data System}
}

@ARTICLE{2007A&A...469..595M,
   author = {{Miville-Desch{\^e}nes}, M.-A. and {Lagache}, G. and {Boulanger}, F. and 
	{Puget}, J.-L.},
    title = "{Statistical properties of dust far-infrared emission}",
  journal = {\aap},
archivePrefix = "arXiv",
   eprint = {0704.2175},
 keywords = {methods: statistical, ISM: structure, infrared: ISM, ISM: dust, extinction},
     year = 2007,
    month = jul,
   volume = 469,
    pages = {595-605},
      doi = {10.1051/0004-6361:20066962},
   adsurl = {http://adsabs.harvard.edu/abs/2007A%26A...469..595M},
  adsnote = {Provided by the SAO/NASA Astrophysics Data System}
}

@ARTICLE{2014ApJ...790..104F,
   author = {{Fuskeland}, U. and {Wehus}, I.~K. and {Eriksen}, H.~K. and 
	{N{\ae}ss}, S.~K.},
    title = "{Spatial Variations in the Spectral Index of Polarized Synchrotron Emission in the 9 yr WMAP Sky Maps}",
  journal = {\apj},
archivePrefix = "arXiv",
   eprint = {1404.5323},
 keywords = {cosmic background radiation, cosmology: observations, Galaxy: structure, methods: statistical, polarization, radio continuum: general},
     year = 2014,
    month = aug,
   volume = 790,
      eid = {104},
    pages = {104},
      doi = {10.1088/0004-637X/790/2/104},
   adsurl = {http://adsabs.harvard.edu/abs/2014ApJ...790..104F},
  adsnote = {Provided by the SAO/NASA Astrophysics Data System}
}

@ARTICLE{2015arXiv150201588P,
   author = {{Planck Collaboration} and {Adam}, R. and {Ade}, P.~A.~R. and 
	{Aghanim}, N. and {Alves}, M.~I.~R. and {Arnaud}, M. and {Ashdown}, M. and 
	{Aumont}, J. and {Baccigalupi}, C. and {Banday}, A.~J. and et al.},
    title = "{Planck 2015 results. X. Diffuse component separation: Foreground maps}",
  journal = {ArXiv e-prints},
archivePrefix = "arXiv",
   eprint = {1502.01588},
 keywords = {Astrophysics - Cosmology and Nongalactic Astrophysics},
     year = 2015,
    month = feb,
   adsurl = {http://adsabs.harvard.edu/abs/2015arXiv150201588P},
  adsnote = {Provided by the SAO/NASA Astrophysics Data System}
}

@ARTICLE{2015A&A...576A.107P,
   author = {{Planck Collaboration} and {Ade}, P.~A.~R. and {Alves}, M.~I.~R. and 
	{Aniano}, G. and {Armitage-Caplan}, C. and {Arnaud}, M. and 
	{Atrio-Barandela}, F. and {Aumont}, J. and {Baccigalupi}, C. and 
	{Banday}, A.~J. and {Barreiro}, R.~B. and {Battaner}, E. and 
	{Benabed}, K. and {Benoit-L{\'e}vy}, A. and {Bernard}, J.-P. and 
	{Bersanelli}, M. and {Bielewicz}, P. and {Bock}, J.~J. and {Bond}, J.~R. and 
	{Borrill}, J. and {Bouchet}, F.~R. and {Boulanger}, F. and {Burigana}, C. and 
	{Cardoso}, J.-F. and {Catalano}, A. and {Chamballu}, A. and 
	{Chiang}, H.~C. and {Colombo}, L.~P.~L. and {Combet}, C. and 
	{Couchot}, F. and {Coulais}, A. and {Crill}, B.~P. and {Curto}, A. and 
	{Cuttaia}, F. and {Danese}, L. and {Davies}, R.~D. and {Davis}, R.~J. and 
	{de Bernardis}, P. and {de Zotti}, G. and {Delabrouille}, J. and 
	{D{\'e}sert}, F.-X. and {Dickinson}, C. and {Diego}, J.~M. and 
	{Donzelli}, S. and {Dor{\'e}}, O. and {Douspis}, M. and {Dunkley}, J. and 
	{Dupac}, X. and {En{\ss}lin}, T.~A. and {Eriksen}, H.~K. and 
	{Falgarone}, E. and {Finelli}, F. and {Forni}, O. and {Frailis}, M. and 
	{Fraisse}, A.~A. and {Franceschi}, E. and {Galeotta}, S. and 
	{Ganga}, K. and {Ghosh}, T. and {Giard}, M. and {Gonz{\'a}lez-Nuevo}, J. and 
	{G{\'o}rski}, K.~M. and {Gregorio}, A. and {Gruppuso}, A. and 
	{Guillet}, V. and {Hansen}, F.~K. and {Harrison}, D.~L. and 
	{Helou}, G. and {Hern{\'a}ndez-Monteagudo}, C. and {Hildebrandt}, S.~R. and 
	{Hivon}, E. and {Hobson}, M. and {Holmes}, W.~A. and {Hornstrup}, A. and 
	{Jaffe}, A.~H. and {Jaffe}, T.~R. and {Jones}, W.~C. and {Keih{\"a}nen}, E. and 
	{Keskitalo}, R. and {Kisner}, T.~S. and {Kneissl}, R. and {Knoche}, J. and 
	{Kunz}, M. and {Kurki-Suonio}, H. and {Lagache}, G. and {Lamarre}, J.-M. and 
	{Lasenby}, A. and {Lawrence}, C.~R. and {Leahy}, J.~P. and {Leonardi}, R. and 
	{Levrier}, F. and {Liguori}, M. and {Lilje}, P.~B. and {Linden-V{\o}rnle}, M. and 
	{L{\'o}pez-Caniego}, M. and {Lubin}, P.~M. and {Mac{\'{\i}}as-P{\'e}rez}, J.~F. and 
	{Maffei}, B. and {Magalh{\~a}es}, A.~M. and {Maino}, D. and 
	{Mandolesi}, N. and {Maris}, M. and {Marshall}, D.~J. and {Martin}, P.~G. and 
	{Mart{\'{\i}}nez-Gonz{\'a}lez}, E. and {Masi}, S. and {Matarrese}, S. and 
	{Mazzotta}, P. and {Melchiorri}, A. and {Mendes}, L. and {Mennella}, A. and 
	{Migliaccio}, M. and {Miville-Desch{\^e}nes}, M.-A. and {Moneti}, A. and 
	{Montier}, L. and {Morgante}, G. and {Mortlock}, D. and {Munshi}, D. and 
	{Murphy}, J.~A. and {Naselsky}, P. and {Nati}, F. and {Natoli}, P. and 
	{Netterfield}, C.~B. and {Noviello}, F. and {Novikov}, D. and 
	{Novikov}, I. and {Oppermann}, N. and {Oxborrow}, C.~A. and 
	{Pagano}, L. and {Pajot}, F. and {Paoletti}, D. and {Pasian}, F. and 
	{Perdereau}, O. and {Perotto}, L. and {Perrotta}, F. and {Piacentini}, F. and 
	{Pietrobon}, D. and {Plaszczynski}, S. and {Pointecouteau}, E. and 
	{Polenta}, G. and {Popa}, L. and {Pratt}, G.~W. and {Rachen}, J.~P. and 
	{Reach}, W.~T. and {Reinecke}, M. and {Remazeilles}, M. and 
	{Renault}, C. and {Ricciardi}, S. and {Riller}, T. and {Ristorcelli}, I. and 
	{Rocha}, G. and {Rosset}, C. and {Roudier}, G. and {Rubi{\~n}o-Mart{\'{\i}}n}, J.~A. and 
	{Rusholme}, B. and {Salerno}, E. and {Sandri}, M. and {Savini}, G. and 
	{Scott}, D. and {Spencer}, L.~D. and {Stolyarov}, V. and {Stompor}, R. and 
	{Sudiwala}, R. and {Sutton}, D. and {Suur-Uski}, A.-S. and {Sygnet}, J.-F. and 
	{Tauber}, J.~A. and {Terenzi}, L. and {Toffolatti}, L. and {Tomasi}, M. and 
	{Tristram}, M. and {Tucci}, M. and {Valenziano}, L. and {Valiviita}, J. and 
	{Van Tent}, B. and {Vielva}, P. and {Villa}, F. and {Wandelt}, B.~D. and 
	{Zacchei}, A. and {Zonca}, A.},
    title = "{Planck intermediate results. XXII. Frequency dependence of thermal emission from Galactic dust in intensity and polarization}",
  journal = {\aap},
archivePrefix = "arXiv",
   eprint = {1405.0874},
 keywords = {polarization, ISM: general, Galaxy: general, radiation mechanisms: general, submillimeter: ISM, infrared: ISM, radiation, mechanisms: general},
     year = 2015,
    month = apr,
   volume = 576,
      eid = {A107},
    pages = {A107},
      doi = {10.1051/0004-6361/201424088},
   adsurl = {http://adsabs.harvard.edu/abs/2015A%26A...576A.107P},
  adsnote = {Provided by the SAO/NASA Astrophysics Data System}
}

@ARTICLE{2015ApJ...798...88M,
   author = {{Meisner}, A.~M. and {Finkbeiner}, D.~P.},
    title = "{Modeling Thermal Dust Emission with Two Components: Application to the Planck High Frequency Instrument Maps}",
  journal = {\apj},
archivePrefix = "arXiv",
   eprint = {1410.7523},
 keywords = {dust, extinction, infrared: ISM, submillimeter: ISM},
     year = 2015,
    month = jan,
   volume = 798,
      eid = {88},
    pages = {88},
      doi = {10.1088/0004-637X/798/2/88},
   adsurl = {http://adsabs.harvard.edu/abs/2015ApJ...798...88M},
  adsnote = {Provided by the SAO/NASA Astrophysics Data System}
}

@ARTICLE{1999ApJ...524..867F,
   author = {{Finkbeiner}, D.~P. and {Davis}, M. and {Schlegel}, D.~J.},
    title = "{Extrapolation of Galactic Dust Emission at 100 Microns to Cosmic Microwave Background Radiation Frequencies Using FIRAS}",
  journal = {\apj},
   eprint = {astro-ph/9905128},
 keywords = {ISM: DUST, EXTINCTION, INFRARED: ISM: CONTINUUM, SUBMILLIMETER, ISM: Dust, Extinction, Infrared: ISM: Continuum, Submillimeter},
     year = 1999,
    month = oct,
   volume = 524,
    pages = {867-886},
      doi = {10.1086/307852},
   adsurl = {http://adsabs.harvard.edu/abs/1999ApJ...524..867F},
  adsnote = {Provided by the SAO/NASA Astrophysics Data System}
}

@ARTICLE{2016arXiv160506671D,
   author = {{Draine}, B.~T. and {Hensley}, B.~S.},
    title = "{Quantum Suppression of Alignment in Ultrasmall Grains: Microwave Emission from Spinning Dust will be Negligibly Polarized}",
  journal = {ArXiv e-prints},
archivePrefix = "arXiv",
   eprint = {1605.06671},
 keywords = {Astrophysics - Astrophysics of Galaxies},
     year = 2016,
    month = may,
   adsurl = {http://adsabs.harvard.edu/abs/2016arXiv160506671D},
  adsnote = {Provided by the SAO/NASA Astrophysics Data System}
}

@ARTICLE{2005ApJ...622..759G,
   author = {{G{\'o}rski}, K.~M. and {Hivon}, E. and {Banday}, A.~J. and 
	{Wandelt}, B.~D. and {Hansen}, F.~K. and {Reinecke}, M. and 
	{Bartelmann}, M.},
    title = "{HEALPix: A Framework for High-Resolution Discretization and Fast Analysis of Data Distributed on the Sphere}",
  journal = {\apj},
   eprint = {astro-ph/0409513},
 keywords = {Cosmology: Cosmic Microwave Background, Cosmology: Observations, Methods: Statistical},
     year = 2005,
    month = apr,
   volume = 622,
    pages = {759-771},
      doi = {10.1086/427976},
   adsurl = {http://adsabs.harvard.edu/abs/2005ApJ...622..759G},
  adsnote = {Provided by the SAO/NASA Astrophysics Data System}
}

@ARTICLE{pysm,
   author = {{Thorne}, B. and {Alonso}, D. and {Dunkley}, J.},
    title = "{The Python Sky Model: software for simulating the galactic microwave sky}",
  journal = {ArXiv e-prints},
archivePrefix = "arXiv",
   eprint = {In prep.},
 keywords = {Astrophysics - Astrophysics of Galaxies},
     year = 2016,
    month = may,
   adsurl = {http://adsabs.harvard.edu/abs/2016arXiv160506671D},
  adsnote = {Provided by the SAO/NASA Astrophysics Data System}
}

@ARTICLE{2016JCAP...03..052E,
   author = {{Errard}, J. and {Feeney}, S.~M. and {Peiris}, H.~V. and {Jaffe}, A.~H.
	},
    title = "{Robust forecasts on fundamental physics from the foreground-obscured, gravitationally-lensed CMB polarization}",
  journal = {\jcap},
archivePrefix = "arXiv",
   eprint = {1509.06770},
     year = 2016,
    month = mar,
   volume = 3,
      eid = {052},
    pages = {052},
      doi = {10.1088/1475-7516/2016/03/052},
   adsurl = {http://adsabs.harvard.edu/abs/2016JCAP...03..052E},
  adsnote = {Provided by the SAO/NASA Astrophysics Data System}
}

@ARTICLE{2014JCAP...10..007N,
   author = {{Naess}, S. and {Hasselfield}, M. and {McMahon}, J. and {Niemack}, M.~D. and 
	{Addison}, G.~E. and {Ade}, P.~A.~R. and {Allison}, R. and {Amiri}, M. and 
	{Battaglia}, N. and {Beall}, J.~A. and {de Bernardis}, F. and 
	{Bond}, J.~R. and {Britton}, J. and {Calabrese}, E. and {Cho}, H.-m. and 
	{Coughlin}, K. and {Crichton}, D. and {Das}, S. and {Datta}, R. and 
	{Devlin}, M.~J. and {Dicker}, S.~R. and {Dunkley}, J. and {D{\"u}nner}, R. and 
	{Fowler}, J.~W. and {Fox}, A.~E. and {Gallardo}, P. and {Grace}, E. and 
	{Gralla}, M. and {Hajian}, A. and {Halpern}, M. and {Henderson}, S. and 
	{Hill}, J.~C. and {Hilton}, G.~C. and {Hilton}, M. and {Hincks}, A.~D. and 
	{Hlozek}, R. and {Ho}, P. and {Hubmayr}, J. and {Huffenberger}, K.~M. and 
	{Hughes}, J.~P. and {Infante}, L. and {Irwin}, K. and {Jackson}, R. and 
	{Muya Kasanda}, S. and {Klein}, J. and {Koopman}, B. and {Kosowsky}, A. and 
	{Li}, D. and {Louis}, T. and {Lungu}, M. and {Madhavacheril}, M. and 
	{Marriage}, T.~A. and {Maurin}, L. and {Menanteau}, F. and {Moodley}, K. and 
	{Munson}, C. and {Newburgh}, L. and {Nibarger}, J. and {Nolta}, M.~R. and 
	{Page}, L.~A. and {Pappas}, C. and {Partridge}, B. and {Rojas}, F. and 
	{Schmitt}, B.~L. and {Sehgal}, N. and {Sherwin}, B.~D. and {Sievers}, J. and 
	{Simon}, S. and {Spergel}, D.~N. and {Staggs}, S.~T. and {Switzer}, E.~R. and 
	{Thornton}, R. and {Trac}, H. and {Tucker}, C. and {Uehara}, M. and 
	{Van Engelen}, A. and {Ward}, J.~T. and {Wollack}, E.~J.},
    title = "{The Atacama Cosmology Telescope: CMB polarization at 200 $\lt$ l $\lt$ 9000}",
  journal = {\jcap},
archivePrefix = "arXiv",
   eprint = {1405.5524},
     year = 2014,
    month = oct,
   volume = 10,
      eid = {007},
    pages = {007},
      doi = {10.1088/1475-7516/2014/10/007},
   adsurl = {http://adsabs.harvard.edu/abs/2014JCAP...10..007N},
  adsnote = {Provided by the SAO/NASA Astrophysics Data System}
}

@ARTICLE{2015ApJ...807..151K,
   author = {{Keisler}, R. and {Hoover}, S. and {Harrington}, N. and {Henning}, J.~W. and 
	{Ade}, P.~A.~R. and {Aird}, K.~A. and {Austermann}, J.~E. and 
	{Beall}, J.~A. and {Bender}, A.~N. and {Benson}, B.~A. and {Bleem}, L.~E. and 
	{Carlstrom}, J.~E. and {Chang}, C.~L. and {Chiang}, H.~C. and 
	{Cho}, H.-M. and {Citron}, R. and {Crawford}, T.~M. and {Crites}, A.~T. and 
	{de Haan}, T. and {Dobbs}, M.~A. and {Everett}, W. and {Gallicchio}, J. and 
	{Gao}, J. and {George}, E.~M. and {Gilbert}, A. and {Halverson}, N.~W. and 
	{Hanson}, D. and {Hilton}, G.~C. and {Holder}, G.~P. and {Holzapfel}, W.~L. and 
	{Hou}, Z. and {Hrubes}, J.~D. and {Huang}, N. and {Hubmayr}, J. and 
	{Irwin}, K.~D. and {Knox}, L. and {Lee}, A.~T. and {Leitch}, E.~M. and 
	{Li}, D. and {Luong-Van}, D. and {Marrone}, D.~P. and {McMahon}, J.~J. and 
	{Mehl}, J. and {Meyer}, S.~S. and {Mocanu}, L. and {Natoli}, T. and 
	{Nibarger}, J.~P. and {Novosad}, V. and {Padin}, S. and {Pryke}, C. and 
	{Reichardt}, C.~L. and {Ruhl}, J.~E. and {Saliwanchik}, B.~R. and 
	{Sayre}, J.~T. and {Schaffer}, K.~K. and {Shirokoff}, E. and 
	{Smecher}, G. and {Stark}, A.~A. and {Story}, K.~T. and {Tucker}, C. and 
	{Vanderlinde}, K. and {Vieira}, J.~D. and {Wang}, G. and {Whitehorn}, N. and 
	{Yefremenko}, V. and {Zahn}, O.},
    title = "{Measurements of Sub-degree B-mode Polarization in the Cosmic Microwave Background from 100 Square Degrees of SPTpol Data}",
  journal = {\apj},
archivePrefix = "arXiv",
   eprint = {1503.02315},
 keywords = {cosmic background radiation, cosmology: observations},
     year = 2015,
    month = jul,
   volume = 807,
      eid = {151},
    pages = {151},
      doi = {10.1088/0004-637X/807/2/151},
   adsurl = {http://adsabs.harvard.edu/abs/2015ApJ...807..151K},
  adsnote = {Provided by the SAO/NASA Astrophysics Data System}
}

@ARTICLE{2015arXiv151002809H,
   author = {{Henderson}, S.~W. and {Allison}, R. and {Austermann}, J. and 
	{Baildon}, T. and {Battaglia}, N. and {Beall}, J.~A. and {Becker}, D. and 
	{De Bernardis}, F. and {Bond}, J.~R. and {Calabrese}, E. and 
	{Choi}, S.~K. and {Coughlin}, K.~P. and {Crowley}, K.~T. and 
	{Datta}, R. and {Devlin}, M.~J. and {Duff}, S.~M. and {Dunner}, R. and 
	{Dunkley}, J. and {van Engelen}, A. and {Gallardo}, P.~A. and 
	{Grace}, E. and {Hasselfield}, M. and {Hills}, F. and {Hilton}, G.~C. and 
	{Hincks}, A.~D. and {Hlozek}, R. and {Ho}, S.~P. and {Hubmayr}, J. and 
	{Huffenberger}, K. and {Hughes}, J.~P. and {Irwin}, K.~D. and 
	{Koopman}, B.~J. and {Kosowsky}, A.~B. and {Li}, D. and {McMahon}, J. and 
	{Munson}, C. and {Nati}, F. and {Newburgh}, L. and {Niemack}, M.~D. and 
	{Niraula}, P. and {Page}, L.~A. and {Pappas}, C.~G. and {Salatino}, M. and 
	{Schillaci}, A. and {Schmitt}, B.~L. and {Sehgal}, N. and {Sherwin}, B.~D. and 
	{Sievers}, J.~L. and {Simon}, S.~M. and {Spergel}, D.~N. and 
	{Staggs}, S.~T. and {Stevens}, J.~R. and {Thornton}, R. and 
	{Van Lanen}, J. and {Vavagiakis}, E.~M. and {Ward}, J.~T. and 
	{Wollack}, E.~J.},
    title = "{Advanced ACTPol Cryogenic Detector Arrays and Readout}",
  journal = {ArXiv e-prints},
archivePrefix = "arXiv",
   eprint = {1510.02809},
 primaryClass = "astro-ph.IM",
 keywords = {Astrophysics - Instrumentation and Methods for Astrophysics, Astrophysics - Cosmology and Nongalactic Astrophysics},
     year = 2015,
    month = oct,
   adsurl = {http://adsabs.harvard.edu/abs/2015arXiv151002809H},
  adsnote = {Provided by the SAO/NASA Astrophysics Data System}
}

@INPROCEEDINGS{2014SPIE.9153E..1PB,
   author = {{Benson}, B.~A. and {Ade}, P.~A.~R. and {Ahmed}, Z. and {Allen}, S.~W. and 
	{Arnold}, K. and {Austermann}, J.~E. and {Bender}, A.~N. and 
	{Bleem}, L.~E. and {Carlstrom}, J.~E. and {Chang}, C.~L. and 
	{Cho}, H.~M. and {Cliche}, J.~F. and {Crawford}, T.~M. and {Cukierman}, A. and 
	{de Haan}, T. and {Dobbs}, M.~A. and {Dutcher}, D. and {Everett}, W. and 
	{Gilbert}, A. and {Halverson}, N.~W. and {Hanson}, D. and {Harrington}, N.~L. and 
	{Hattori}, K. and {Henning}, J.~W. and {Hilton}, G.~C. and {Holder}, G.~P. and 
	{Holzapfel}, W.~L. and {Irwin}, K.~D. and {Keisler}, R. and 
	{Knox}, L. and {Kubik}, D. and {Kuo}, C.~L. and {Lee}, A.~T. and 
	{Leitch}, E.~M. and {Li}, D. and {McDonald}, M. and {Meyer}, S.~S. and 
	{Montgomery}, J. and {Myers}, M. and {Natoli}, T. and {Nguyen}, H. and 
	{Novosad}, V. and {Padin}, S. and {Pan}, Z. and {Pearson}, J. and 
	{Reichardt}, C. and {Ruhl}, J.~E. and {Saliwanchik}, B.~R. and 
	{Simard}, G. and {Smecher}, G. and {Sayre}, J.~T. and {Shirokoff}, E. and 
	{Stark}, A.~A. and {Story}, K. and {Suzuki}, A. and {Thompson}, K.~L. and 
	{Tucker}, C. and {Vanderlinde}, K. and {Vieira}, J.~D. and {Vikhlinin}, A. and 
	{Wang}, G. and {Yefremenko}, V. and {Yoon}, K.~W.},
    title = "{SPT-3G: a next-generation cosmic microwave background polarization experiment on the South Pole telescope}",
booktitle = {Millimeter, Submillimeter, and Far-Infrared Detectors and Instrumentation for Astronomy VII},
     year = 2014,
   series = {Proc. SPIE Int. Soc. Opt. Eng.},
   volume = 9153,
archivePrefix = "arXiv",
   eprint = {1407.2973},
 primaryClass = "astro-ph.IM",
    month = jul,
      eid = {91531P},
    pages = {91531P},
      doi = {10.1117/12.2057305},
   adsurl = {http://adsabs.harvard.edu/abs/2014SPIE.9153E..1PB},
  adsnote = {Provided by the SAO/NASA Astrophysics Data System}
}

@ARTICLE{2002PhRvL..89a1304K,
   author = {{Kesden}, M. and {Cooray}, A. and {Kamionkowski}, M.},
    title = "{Separation of Gravitational-Wave and Cosmic-Shear Contributions to Cosmic Microwave Background Polarization}",
  journal = {Physical Review Letters},
   eprint = {astro-ph/0202434},
 keywords = {Background Radiation, Cosmology, Electromagnetic Radiation, Gravitational Lenses, Gravitational Waves, Polarization (Waves), Universe},
     year = 2002,
    month = jul,
   volume = 89,
   number = 1,
    pages = {011304},
      doi = {10.1103/PhysRevLett.89.011304},
   adsurl = {http://adsabs.harvard.edu/abs/2002PhRvL..89a1304K},
  adsnote = {Provided by the SAO/NASA Astrophysics Data System}
}

@ARTICLE{2002PhRvL..89a1303K,
   author = {{Knox}, L. and {Song}, Y.-S.},
    title = "{Limit on the Detectability of the Energy Scale of Inflation}",
  journal = {Physical Review Letters},
   eprint = {astro-ph/0202286},
 keywords = {Background Radiation, Cosmology, Gravitational Waves, Gravity Waves, Measurement, Universe},
     year = 2002,
    month = jul,
   volume = 89,
   number = 1,
    pages = {011303},
      doi = {10.1103/PhysRevLett.89.011303},
   adsurl = {http://adsabs.harvard.edu/abs/2002PhRvL..89a1303K},
  adsnote = {Provided by the SAO/NASA Astrophysics Data System}
}

@ARTICLE{2003PhRvD..67h3002O,
   author = {{Okamoto}, T. and {Hu}, W.},
    title = "{Cosmic microwave background lensing reconstruction on the full sky}",
  journal = {\prd},
   eprint = {astro-ph/0301031},
 keywords = {Background radiations},
     year = 2003,
    month = apr,
   volume = 67,
   number = 8,
      eid = {083002},
    pages = {083002},
      doi = {10.1103/PhysRevD.67.083002},
   adsurl = {http://adsabs.harvard.edu/abs/2003PhRvD..67h3002O},
  adsnote = {Provided by the SAO/NASA Astrophysics Data System}
}

@ARTICLE{2012JCAP...06..014S,
   author = {{Smith}, K.~M. and {Hanson}, D. and {LoVerde}, M. and {Hirata}, C.~M. and 
	{Zahn}, O.},
    title = "{Delensing CMB polarization with external datasets}",
  journal = {\jcap},
archivePrefix = "arXiv",
   eprint = {1010.0048},
     year = 2012,
    month = jun,
   volume = 6,
      eid = {014},
    pages = {014},
      doi = {10.1088/1475-7516/2012/06/014},
   adsurl = {http://adsabs.harvard.edu/abs/2012JCAP...06..014S},
  adsnote = {Provided by the SAO/NASA Astrophysics Data System}
}

@ARTICLE{1999ApJ...512..740D,
   author = {{Draine}, B.~T. and {Lazarian}, A.},
    title = "{Magnetic Dipole Microwave Emission from Dust Grains}",
  journal = {\apj},
   eprint = {astro-ph/9807009},
 keywords = {ISM: DUST, EXTINCTION, ISM: ABUNDANCES, RADIATION MECHANISMS: THERMAL, RADIO CONTINUUM: ISM, ISM: Dust, Extinction, ISM: Abundances, Radiation Mechanisms: Thermal, radio continuum: ISM},
     year = 1999,
    month = feb,
   volume = 512,
    pages = {740-754},
      doi = {10.1086/306809},
   adsurl = {http://adsabs.harvard.edu/abs/1999ApJ...512..740D},
  adsnote = {Provided by the SAO/NASA Astrophysics Data System}
}

@ARTICLE{2009ApJ...701.1804D,
   author = {{Dunkley}, J. and {Spergel}, D.~N. and {Komatsu}, E. and {Hinshaw}, G. and 
	{Larson}, D. and {Nolta}, M.~R. and {Odegard}, N. and {Page}, L. and 
	{Bennett}, C.~L. and {Gold}, B. and {Hill}, R.~S. and {Jarosik}, N. and 
	{Weiland}, J.~L. and {Halpern}, M. and {Kogut}, A. and {Limon}, M. and 
	{Meyer}, S.~S. and {Tucker}, G.~S. and {Wollack}, E. and {Wright}, E.~L.
	},
    title = "{Five-Year Wilkinson Microwave Anisotropy Probe (WMAP) Observations: Bayesian Estimation of Cosmic Microwave Background Polarization Maps}",
  journal = {\apj},
archivePrefix = "arXiv",
   eprint = {0811.4280},
 keywords = {cosmic microwave background, cosmology: observations, methods: statistical, polarization, radio continuum: ISM},
     year = 2009,
    month = aug,
   volume = 701,
    pages = {1804-1813},
      doi = {10.1088/0004-637X/701/2/1804},
   adsurl = {http://adsabs.harvard.edu/abs/2009ApJ...701.1804D},
  adsnote = {Provided by the SAO/NASA Astrophysics Data System}
}

@ARTICLE{2004ApJS..155..227E,
   author = {{Eriksen}, H.~K. and {O'Dwyer}, I.~J. and {Jewell}, J.~B. and 
	{Wandelt}, B.~D. and {Larson}, D.~L. and {G{\'o}rski}, K.~M. and 
	{Levin}, S. and {Banday}, A.~J. and {Lilje}, P.~B.},
    title = "{Power Spectrum Estimation from High-Resolution Maps by Gibbs Sampling}",
  journal = {\apjs},
   eprint = {astro-ph/0407028},
 keywords = {Cosmology: Cosmic Microwave Background, Cosmology: Observations, Methods: Numerical},
     year = 2004,
    month = dec,
   volume = 155,
    pages = {227-241},
      doi = {10.1086/425219},
   adsurl = {http://adsabs.harvard.edu/abs/2004ApJS..155..227E},
  adsnote = {Provided by the SAO/NASA Astrophysics Data System}
}

@ARTICLE{2008ApJ...676...10E,
   author = {{Eriksen}, H.~K. and {Jewell}, J.~B. and {Dickinson}, C. and 
	{Banday}, A.~J. and {G{\'o}rski}, K.~M. and {Lawrence}, C.~R.
	},
    title = "{Joint Bayesian Component Separation and CMB Power Spectrum Estimation}",
  journal = {\apj},
archivePrefix = "arXiv",
   eprint = {0709.1058},
 keywords = {cosmic microwave background, cosmology: observations, methods: numerical },
     year = 2008,
    month = mar,
   volume = 676,
      eid = {10-32},
    pages = {10-32},
      doi = {10.1086/525277},
   adsurl = {http://adsabs.harvard.edu/abs/2008ApJ...676...10E},
  adsnote = {Provided by the SAO/NASA Astrophysics Data System}
}

@ARTICLE{2015PhRvL.114j1301B,
   author = {{BICEP2/Keck and Planck Collaborations} and {Ade}, P.~A.~R. and 
	{Aghanim}, N. and {Ahmed}, Z. and {Aikin}, R.~W. and {Alexander}, K.~D. and 
	{Arnaud}, M. and {Aumont}, J. and {Baccigalupi}, C. and {Banday}, A.~J. and et al.},
    title = "{Joint Analysis of BICEP2/Keck Array and Planck Data}",
  journal = {Physical Review Letters},
archivePrefix = "arXiv",
   eprint = {1502.00612},
 keywords = {Background radiations, Gravitational wave detectors and experiments, Radio microwave, Observational cosmology},
     year = 2015,
    month = mar,
   volume = 114,
   number = 10,
      eid = {101301},
    pages = {101301},
      doi = {10.1103/PhysRevLett.114.101301},
   adsurl = {http://adsabs.harvard.edu/abs/2015PhRvL.114j1301B},
  adsnote = {Provided by the SAO/NASA Astrophysics Data System}
}

@ARTICLE{2007ApJS..170..288H,
   author = {{Hinshaw}, G. and {Nolta}, M.~R. and {Bennett}, C.~L. and {Bean}, R. and 
	{Dor{\'e}}, O. and {Greason}, M.~R. and {Halpern}, M. and {Hill}, R.~S. and 
	{Jarosik}, N. and {Kogut}, A. and {Komatsu}, E. and {Limon}, M. and 
	{Odegard}, N. and {Meyer}, S.~S. and {Page}, L. and {Peiris}, H.~V. and 
	{Spergel}, D.~N. and {Tucker}, G.~S. and {Verde}, L. and {Weiland}, J.~L. and 
	{Wollack}, E. and {Wright}, E.~L.},
    title = "{Three-Year Wilkinson Microwave Anisotropy Probe (WMAP) Observations: Temperature Analysis}",
  journal = {\apjs},
   eprint = {astro-ph/0603451},
 keywords = {Cosmology: Cosmic Microwave Background, Cosmology: Observations, Cosmology: Dark Matter, Cosmology: Early Universe, Instrumentation: Detectors, Space Vehicles: Instruments, Telescopes},
     year = 2007,
    month = jun,
   volume = 170,
    pages = {288-334},
      doi = {10.1086/513698},
   adsurl = {http://adsabs.harvard.edu/abs/2007ApJS..170..288H},
  adsnote = {Provided by the SAO/NASA Astrophysics Data System}
}

@ARTICLE{2016MNRAS.458.2032R,
   author = {{Remazeilles}, M. and {Dickinson}, C. and {Eriksen}, H.~K.~K. and 
	{Wehus}, I.~K.},
    title = "{Sensitivity and foreground modelling for large-scale cosmic microwave background B-mode polarization satellite missions}",
  journal = {\mnras},
archivePrefix = "arXiv",
   eprint = {1509.04714},
 keywords = {polarization, methods: analytical, cosmic background radiation, diffuse radiation, early Universe, inflation},
     year = 2016,
    month = may,
   volume = 458,
    pages = {2032-2050},
      doi = {10.1093/mnras/stw441},
   adsurl = {http://adsabs.harvard.edu/abs/2016MNRAS.458.2032R},
  adsnote = {Provided by the SAO/NASA Astrophysics Data System}
}

@ARTICLE{2016JCAP...03..052E,
   author = {{Errard}, J. and {Feeney}, S.~M. and {Peiris}, H.~V. and {Jaffe}, A.~H.
	},
    title = "{Robust forecasts on fundamental physics from the foreground-obscured, gravitationally-lensed CMB polarization}",
  journal = {\jcap},
archivePrefix = "arXiv",
   eprint = {1509.06770},
     year = 2016,
    month = mar,
   volume = 3,
      eid = {052},
    pages = {052},
      doi = {10.1088/1475-7516/2016/03/052},
   adsurl = {http://adsabs.harvard.edu/abs/2016JCAP...03..052E},
  adsnote = {Provided by the SAO/NASA Astrophysics Data System}
}

@ARTICLE{2009A&A...493..835D,
   author = {{Delabrouille}, J. and {Cardoso}, J.-F. and {Le Jeune}, M. and 
	{Betoule}, M. and {Fay}, G. and {Guilloux}, F.},
    title = "{A full sky, low foreground, high resolution CMB map from WMAP}",
  journal = {\aap},
archivePrefix = "arXiv",
   eprint = {0807.0773},
 keywords = {cosmology: cosmic microwave background, methods: data analysis},
     year = 2009,
    month = jan,
   volume = 493,
    pages = {835-857},
      doi = {10.1051/0004-6361:200810514},
   adsurl = {http://adsabs.harvard.edu/abs/2009A%26A...493..835D},
  adsnote = {Provided by the SAO/NASA Astrophysics Data System}
}

@ARTICLE{2007arXiv0706.2598G,
   author = {{Guilloux}, F. and {Fay}, G. and {Cardoso}, J.-F.},
    title = "{Practical wavelet design on the sphere}",
  journal = {ArXiv e-prints},
archivePrefix = "arXiv",
   eprint = {0706.2598},
 primaryClass = "math.NA",
 keywords = {Mathematics - Numerical Analysis, Astrophysics, Mathematics - Classical Analysis and ODEs, Mathematics - Statistics},
     year = 2007,
    month = jun,
   adsurl = {http://adsabs.harvard.edu/abs/2007arXiv0706.2598G},
  adsnote = {Provided by the SAO/NASA Astrophysics Data System}
}

@ARTICLE{2010ApJ...723....1P,
   author = {{Pietrobon}, D. and {Balbi}, A. and {Cabella}, P. and {Gorski}, K.~M.
	},
    title = "{NeedATool: A Needlet Analysis Tool for Cosmological Data Processing}",
  journal = {\apj},
archivePrefix = "arXiv",
   eprint = {1010.1371},
 keywords = {cosmic background radiation, cosmology: observations, methods: data analysis, methods: numerical, methods: statistical},
     year = 2010,
    month = nov,
   volume = 723,
    pages = {1-9},
      doi = {10.1088/0004-637X/723/1/1},
   adsurl = {http://adsabs.harvard.edu/abs/2010ApJ...723....1P},
  adsnote = {Provided by the SAO/NASA Astrophysics Data System}
}

@ARTICLE{1997PhRvD..55.5895T,
   author = {{Tegmark}, M.},
    title = "{How to measure CMB power spectra without losing information}",
  journal = {\prd},
   eprint = {astro-ph/9611174},
 keywords = {Background radiations, Origin and formation of the Universe, Observational cosmology},
     year = 1997,
    month = may,
   volume = 55,
    pages = {5895-5907},
      doi = {10.1103/PhysRevD.55.5895},
   adsurl = {http://adsabs.harvard.edu/abs/1997PhRvD..55.5895T},
  adsnote = {Provided by the SAO/NASA Astrophysics Data System}
}

@ARTICLE{2002ApJ...567....2H,
   author = {{Hivon}, E. and {G{\'o}rski}, K.~M. and {Netterfield}, C.~B. and 
	{Crill}, B.~P. and {Prunet}, S. and {Hansen}, F.},
    title = "{MASTER of the Cosmic Microwave Background Anisotropy Power Spectrum: A Fast Method for Statistical Analysis of Large and Complex Cosmic Microwave Background Data Sets}",
  journal = {\apj},
   eprint = {astro-ph/0105302},
 keywords = {Cosmology: Cosmic Microwave Background, Methods: Statistical},
     year = 2002,
    month = mar,
   volume = 567,
    pages = {2-17},
      doi = {10.1086/338126},
   adsurl = {http://adsabs.harvard.edu/abs/2002ApJ...567....2H},
  adsnote = {Provided by the SAO/NASA Astrophysics Data System}
}

@ARTICLE{2006NewAR..50.1025S,
   author = {{Smith}, K.~M.},
    title = "{Pure pseudo- C$_{ℓ}$ estimators for CMB B-modes}",
  journal = {\nar},
   eprint = {astro-ph/0608662},
 keywords = {Cosmology, Theory, Cosmic microwave background, Polarization},
     year = 2006,
    month = dec,
   volume = 50,
    pages = {1025-1029},
      doi = {10.1016/j.newar.2006.09.015},
   adsurl = {http://adsabs.harvard.edu/abs/2006NewAR..50.1025S},
  adsnote = {Provided by the SAO/NASA Astrophysics Data System}
}

@ARTICLE{1997PhRvL..78.2054S,
   author = {{Seljak}, U. and {Zaldarriaga}, M.},
    title = "{Signature of Gravity Waves in the Polarization of the Microwave Background}",
  journal = {Physical Review Letters},
   eprint = {astro-ph/9609169},
     year = 1997,
    month = mar,
   volume = 78,
    pages = {2054-2057},
      doi = {10.1103/PhysRevLett.78.2054},
   adsurl = {http://adsabs.harvard.edu/abs/1997PhRvL..78.2054S},
  adsnote = {Provided by the SAO/NASA Astrophysics Data System}
}

@ARTICLE{1997PhRvL..78.2058K,
   author = {{Kamionkowski}, M. and {Kosowsky}, A. and {Stebbins}, A.},
    title = "{A Probe of Primordial Gravity Waves and Vorticity}",
  journal = {Physical Review Letters},
   eprint = {astro-ph/9609132},
     year = 1997,
    month = mar,
   volume = 78,
    pages = {2058-2061},
      doi = {10.1103/PhysRevLett.78.2058},
   adsurl = {http://adsabs.harvard.edu/abs/1997PhRvL..78.2058K},
  adsnote = {Provided by the SAO/NASA Astrophysics Data System}
}

@ARTICLE{1998PhRvD..58b3003Z,
   author = {{Zaldarriaga}, M. and {Seljak}, U.},
    title = "{Gravitational lensing effect on cosmic microwave background polarization}",
  journal = {\prd},
   eprint = {astro-ph/9803150},
 keywords = {Background radiations, Particle-theory and field-theory models of the early Universe},
     year = 1998,
    month = jul,
   volume = 58,
   number = 2,
      eid = {023003},
    pages = {023003},
      doi = {10.1103/PhysRevD.58.023003},
   adsurl = {http://adsabs.harvard.edu/abs/1998PhRvD..58b3003Z},
  adsnote = {Provided by the SAO/NASA Astrophysics Data System}
}

@ARTICLE{1997PhRvL..78.1861L,
   author = {{Lyth}, D.~H.},
    title = "{What Would We Learn by Detecting a Gravitational Wave Signal in the Cosmic Microwave Background Anisotropy?}",
  journal = {Physical Review Letters},
   eprint = {hep-ph/9606387},
     year = 1997,
    month = mar,
   volume = 78,
    pages = {1861-1863},
      doi = {10.1103/PhysRevLett.78.1861},
   adsurl = {http://adsabs.harvard.edu/abs/1997PhRvL..78.1861L},
  adsnote = {Provided by the SAO/NASA Astrophysics Data System}
}

@ARTICLE{2014ApJ...794..171T,
   author = {{The Polarbear Collaboration: P.~A.~R.~Ade} and {Akiba}, Y. and 
	{Anthony}, A.~E. and {Arnold}, K. and {Atlas}, M. and {Barron}, D. and 
	{Boettger}, D. and {Borrill}, J. and {Chapman}, S. and {Chinone}, Y. and 
	{Dobbs}, M. and {Elleflot}, T. and {Errard}, J. and {Fabbian}, G. and 
	{Feng}, C. and {Flanigan}, D. and {Gilbert}, A. and {Grainger}, W. and 
	{Halverson}, N.~W. and {Hasegawa}, M. and {Hattori}, K. and 
	{Hazumi}, M. and {Holzapfel}, W.~L. and {Hori}, Y. and {Howard}, J. and 
	{Hyland}, P. and {Inoue}, Y. and {Jaehnig}, G.~C. and {Jaffe}, A.~H. and 
	{Keating}, B. and {Kermish}, Z. and {Keskitalo}, R. and {Kisner}, T. and 
	{Le Jeune}, M. and {Lee}, A.~T. and {Leitch}, E.~M. and {Linder}, E. and 
	{Lungu}, M. and {Matsuda}, F. and {Matsumura}, T. and {Meng}, X. and 
	{Miller}, N.~J. and {Morii}, H. and {Moyerman}, S. and {Myers}, M.~J. and 
	{Navaroli}, M. and {Nishino}, H. and {Orlando}, A. and {Paar}, H. and 
	{Peloton}, J. and {Poletti}, D. and {Quealy}, E. and {Rebeiz}, G. and 
	{Reichardt}, C.~L. and {Richards}, P.~L. and {Ross}, C. and 
	{Schanning}, I. and {Schenck}, D.~E. and {Sherwin}, B.~D. and 
	{Shimizu}, A. and {Shimmin}, C. and {Shimon}, M. and {Siritanasak}, P. and 
	{Smecher}, G. and {Spieler}, H. and {Stebor}, N. and {Steinbach}, B. and 
	{Stompor}, R. and {Suzuki}, A. and {Takakura}, S. and {Tomaru}, T. and 
	{Wilson}, B. and {Yadav}, A. and {Zahn}, O.},
    title = "{A Measurement of the Cosmic Microwave Background B-mode Polarization Power Spectrum at Sub-degree Scales with POLARBEAR}",
  journal = {\apj},
archivePrefix = "arXiv",
   eprint = {1403.2369},
 keywords = {cosmic background radiation, cosmology: observations, large-scale structure of universe},
     year = 2014,
    month = oct,
   volume = 794,
      eid = {171},
    pages = {171},
      doi = {10.1088/0004-637X/794/2/171},
   adsurl = {http://adsabs.harvard.edu/abs/2014ApJ...794..171T},
  adsnote = {Provided by the SAO/NASA Astrophysics Data System}
}

@ARTICLE{2015ApJ...807..151K,
   author = {{Keisler}, R. and {Hoover}, S. and {Harrington}, N. and {Henning}, J.~W. and 
	{Ade}, P.~A.~R. and {Aird}, K.~A. and {Austermann}, J.~E. and 
	{Beall}, J.~A. and {Bender}, A.~N. and {Benson}, B.~A. and {Bleem}, L.~E. and 
	{Carlstrom}, J.~E. and {Chang}, C.~L. and {Chiang}, H.~C. and 
	{Cho}, H.-M. and {Citron}, R. and {Crawford}, T.~M. and {Crites}, A.~T. and 
	{de Haan}, T. and {Dobbs}, M.~A. and {Everett}, W. and {Gallicchio}, J. and 
	{Gao}, J. and {George}, E.~M. and {Gilbert}, A. and {Halverson}, N.~W. and 
	{Hanson}, D. and {Hilton}, G.~C. and {Holder}, G.~P. and {Holzapfel}, W.~L. and 
	{Hou}, Z. and {Hrubes}, J.~D. and {Huang}, N. and {Hubmayr}, J. and 
	{Irwin}, K.~D. and {Knox}, L. and {Lee}, A.~T. and {Leitch}, E.~M. and 
	{Li}, D. and {Luong-Van}, D. and {Marrone}, D.~P. and {McMahon}, J.~J. and 
	{Mehl}, J. and {Meyer}, S.~S. and {Mocanu}, L. and {Natoli}, T. and 
	{Nibarger}, J.~P. and {Novosad}, V. and {Padin}, S. and {Pryke}, C. and 
	{Reichardt}, C.~L. and {Ruhl}, J.~E. and {Saliwanchik}, B.~R. and 
	{Sayre}, J.~T. and {Schaffer}, K.~K. and {Shirokoff}, E. and 
	{Smecher}, G. and {Stark}, A.~A. and {Story}, K.~T. and {Tucker}, C. and 
	{Vanderlinde}, K. and {Vieira}, J.~D. and {Wang}, G. and {Whitehorn}, N. and 
	{Yefremenko}, V. and {Zahn}, O.},
    title = "{Measurements of Sub-degree B-mode Polarization in the Cosmic Microwave Background from 100 Square Degrees of SPTpol Data}",
  journal = {\apj},
archivePrefix = "arXiv",
   eprint = {1503.02315},
 keywords = {cosmic background radiation, cosmology: observations},
     year = 2015,
    month = jul,
   volume = 807,
      eid = {151},
    pages = {151},
      doi = {10.1088/0004-637X/807/2/151},
   adsurl = {http://adsabs.harvard.edu/abs/2015ApJ...807..151K},
  adsnote = {Provided by the SAO/NASA Astrophysics Data System}
}

@ARTICLE{2014JCAP...10..007N,
   author = {{Naess}, S. and {Hasselfield}, M. and {McMahon}, J. and {Niemack}, M.~D. and 
	{Addison}, G.~E. and {Ade}, P.~A.~R. and {Allison}, R. and {Amiri}, M. and 
	{Battaglia}, N. and {Beall}, J.~A. and {de Bernardis}, F. and 
	{Bond}, J.~R. and {Britton}, J. and {Calabrese}, E. and {Cho}, H.-m. and 
	{Coughlin}, K. and {Crichton}, D. and {Das}, S. and {Datta}, R. and 
	{Devlin}, M.~J. and {Dicker}, S.~R. and {Dunkley}, J. and {D{\"u}nner}, R. and 
	{Fowler}, J.~W. and {Fox}, A.~E. and {Gallardo}, P. and {Grace}, E. and 
	{Gralla}, M. and {Hajian}, A. and {Halpern}, M. and {Henderson}, S. and 
	{Hill}, J.~C. and {Hilton}, G.~C. and {Hilton}, M. and {Hincks}, A.~D. and 
	{Hlozek}, R. and {Ho}, P. and {Hubmayr}, J. and {Huffenberger}, K.~M. and 
	{Hughes}, J.~P. and {Infante}, L. and {Irwin}, K. and {Jackson}, R. and 
	{Muya Kasanda}, S. and {Klein}, J. and {Koopman}, B. and {Kosowsky}, A. and 
	{Li}, D. and {Louis}, T. and {Lungu}, M. and {Madhavacheril}, M. and 
	{Marriage}, T.~A. and {Maurin}, L. and {Menanteau}, F. and {Moodley}, K. and 
	{Munson}, C. and {Newburgh}, L. and {Nibarger}, J. and {Nolta}, M.~R. and 
	{Page}, L.~A. and {Pappas}, C. and {Partridge}, B. and {Rojas}, F. and 
	{Schmitt}, B.~L. and {Sehgal}, N. and {Sherwin}, B.~D. and {Sievers}, J. and 
	{Simon}, S. and {Spergel}, D.~N. and {Staggs}, S.~T. and {Switzer}, E.~R. and 
	{Thornton}, R. and {Trac}, H. and {Tucker}, C. and {Uehara}, M. and 
	{Van Engelen}, A. and {Ward}, J.~T. and {Wollack}, E.~J.},
    title = "{The Atacama Cosmology Telescope: CMB polarization at 200 $\lt$ l $\lt$ 9000}",
  journal = {\jcap},
archivePrefix = "arXiv",
   eprint = {1405.5524},
     year = 2014,
    month = oct,
   volume = 10,
      eid = {007},
    pages = {007},
      doi = {10.1088/1475-7516/2014/10/007},
   adsurl = {http://adsabs.harvard.edu/abs/2014JCAP...10..007N},
  adsnote = {Provided by the SAO/NASA Astrophysics Data System}
}

@ARTICLE{2014PhRvL.112x1101B,
   author = {{BICEP2 Collaboration} and {Ade}, P.~A.~R. and {Aikin}, R.~W. and 
	{Barkats}, D. and {Benton}, S.~J. and {Bischoff}, C.~A. and 
	{Bock}, J.~J. and {Brevik}, J.~A. and {Buder}, I. and {Bullock}, E. and 
	{Dowell}, C.~D. and {Duband}, L. and {Filippini}, J.~P. and 
	{Fliescher}, S. and {Golwala}, S.~R. and {Halpern}, M. and {Hasselfield}, M. and 
	{Hildebrandt}, S.~R. and {Hilton}, G.~C. and {Hristov}, V.~V. and 
	{Irwin}, K.~D. and {Karkare}, K.~S. and {Kaufman}, J.~P. and 
	{Keating}, B.~G. and {Kernasovskiy}, S.~A. and {Kovac}, J.~M. and 
	{Kuo}, C.~L. and {Leitch}, E.~M. and {Lueker}, M. and {Mason}, P. and 
	{Netterfield}, C.~B. and {Nguyen}, H.~T. and {O'Brient}, R. and 
	{Ogburn}, R.~W. and {Orlando}, A. and {Pryke}, C. and {Reintsema}, C.~D. and 
	{Richter}, S. and {Schwarz}, R. and {Sheehy}, C.~D. and {Staniszewski}, Z.~K. and 
	{Sudiwala}, R.~V. and {Teply}, G.~P. and {Tolan}, J.~E. and 
	{Turner}, A.~D. and {Vieregg}, A.~G. and {Wong}, C.~L. and {Yoon}, K.~W.
	},
    title = "{Detection of B-Mode Polarization at Degree Angular Scales by BICEP2}",
  journal = {Physical Review Letters},
archivePrefix = "arXiv",
   eprint = {1403.3985},
 keywords = {Background radiations, Gravitational wave detectors and experiments, Radio microwave, Observational cosmology},
     year = 2014,
    month = jun,
   volume = 112,
   number = 24,
      eid = {241101},
    pages = {241101},
      doi = {10.1103/PhysRevLett.112.241101},
   adsurl = {http://adsabs.harvard.edu/abs/2014PhRvL.112x1101B},
  adsnote = {Provided by the SAO/NASA Astrophysics Data System}
}

@ARTICLE{2015PhRvL.114j1301B,
   author = {{BICEP2/Keck and Planck Collaborations} and {Ade}, P.~A.~R. and 
	{Aghanim}, N. and {Ahmed}, Z. and {Aikin}, R.~W. and {Alexander}, K.~D. and 
	{Arnaud}, M. and {Aumont}, J. and {Baccigalupi}, C. and {Banday}, A.~J. and et al.},
    title = "{Joint Analysis of BICEP2/Keck Array and Planck Data}",
  journal = {Physical Review Letters},
archivePrefix = "arXiv",
   eprint = {1502.00612},
 keywords = {Background radiations, Gravitational wave detectors and experiments, Radio microwave, Observational cosmology},
     year = 2015,
    month = mar,
   volume = 114,
   number = 10,
      eid = {101301},
    pages = {101301},
      doi = {10.1103/PhysRevLett.114.101301},
   adsurl = {http://adsabs.harvard.edu/abs/2015PhRvL.114j1301B},
  adsnote = {Provided by the SAO/NASA Astrophysics Data System}
}

@ARTICLE{2016A&A...586A.133P,
   author = {{Planck Collaboration} and {Adam}, R. and {Ade}, P.~A.~R. and 
	{Aghanim}, N. and {Arnaud}, M. and {Aumont}, J. and {Baccigalupi}, C. and 
	{Banday}, A.~J. and {Barreiro}, R.~B. and {Bartlett}, J.~G. and et al.},
    title = "{Planck intermediate results. XXX. The angular power spectrum of polarized dust emission at intermediate and high Galactic latitudes}",
  journal = {\aap},
archivePrefix = "arXiv",
   eprint = {1409.5738},
 keywords = {cosmic background radiation, cosmology: observations, ISM:, structure, ISM: magnetic fields, polarization},
     year = 2016,
    month = feb,
   volume = 586,
      eid = {A133},
    pages = {A133},
      doi = {10.1051/0004-6361/201425034},
   adsurl = {http://adsabs.harvard.edu/abs/2016A%26A...586A.133P},
  adsnote = {Provided by the SAO/NASA Astrophysics Data System}
}

@ARTICLE{2016MNRAS.458.2032R,
   author = {{Remazeilles}, M. and {Dickinson}, C. and {Eriksen}, H.~K.~K. and 
	{Wehus}, I.~K.},
    title = "{Sensitivity and foreground modelling for large-scale cosmic microwave background B-mode polarization satellite missions}",
  journal = {\mnras},
archivePrefix = "arXiv",
   eprint = {1509.04714},
 keywords = {polarization, methods: analytical, cosmic background radiation, diffuse radiation, early Universe, inflation},
     year = 2016,
    month = may,
   volume = 458,
    pages = {2032-2050},
      doi = {10.1093/mnras/stw441},
   adsurl = {http://adsabs.harvard.edu/abs/2016MNRAS.458.2032R},
  adsnote = {Provided by the SAO/NASA Astrophysics Data System}
}

@ARTICLE{2011arXiv1102.2181T,
   author = {{The COrE Collaboration} and {Armitage-Caplan}, C. and {Avillez}, M. and 
	{Barbosa}, D. and {Banday}, A. and {Bartolo}, N. and {Battye}, R. and 
	{Bernard}, J. and {de Bernardis}, P. and {Basak}, S. and {Bersanelli}, M. and 
	{Bielewicz}, P. and {Bonaldi}, A. and {Bucher}, M. and {Bouchet}, F. and 
	{Boulanger}, F. and {Burigana}, C. and {Camus}, P. and {Challinor}, A. and 
	{Chongchitnan}, S. and {Clements}, D. and {Colafrancesco}, S. and 
	{Delabrouille}, J. and {De Petris}, M. and {De Zotti}, G. and 
	{Dickinson}, C. and {Dunkley}, J. and {Ensslin}, T. and {Fergusson}, J. and 
	{Ferreira}, P. and {Ferriere}, K. and {Finelli}, F. and {Galli}, S. and 
	{Garcia-Bellido}, J. and {Gauthier}, C. and {Haverkorn}, M. and 
	{Hindmarsh}, M. and {Jaffe}, A. and {Kunz}, M. and {Lesgourgues}, J. and 
	{Liddle}, A. and {Liguori}, M. and {Lopez-Caniego}, M. and {Maffei}, B. and 
	{Marchegiani}, P. and {Martinez-Gonzalez}, E. and {Masi}, S. and 
	{Mauskopf}, P. and {Matarrese}, S. and {Melchiorri}, A. and 
	{Mukherjee}, P. and {Nati}, F. and {Natoli}, P. and {Negrello}, M. and 
	{Pagano}, L. and {Paoletti}, D. and {Peacocke}, T. and {Peiris}, H. and 
	{Perroto}, L. and {Piacentini}, F. and {Piat}, M. and {Piccirillo}, L. and 
	{Pisano}, G. and {Ponthieu}, N. and {Rath}, C. and {Ricciardi}, S. and 
	{Rubino Martin}, J. and {Salatino}, M. and {Shellard}, P. and 
	{Stompor}, R. and {Urrestilla}, L.~T.~J. and {Van Tent}, B. and 
	{Verde}, L. and {Wandelt}, B. and {Withington}, S.},
    title = "{COrE (Cosmic Origins Explorer) A White Paper}",
  journal = {ArXiv e-prints},
archivePrefix = "arXiv",
   eprint = {1102.2181},
 keywords = {Astrophysics - Cosmology and Nongalactic Astrophysics},
     year = 2011,
    month = feb,
   adsurl = {http://adsabs.harvard.edu/abs/2011arXiv1102.2181T},
  adsnote = {Provided by the SAO/NASA Astrophysics Data System}
}

@ARTICLE{2011JCAP...07..025K,
   author = {{Kogut}, A. and {Fixsen}, D.~J. and {Chuss}, D.~T. and {Dotson}, J. and 
	{Dwek}, E. and {Halpern}, M. and {Hinshaw}, G.~F. and {Meyer}, S.~M. and 
	{Moseley}, S.~H. and {Seiffert}, M.~D. and {Spergel}, D.~N. and 
	{Wollack}, E.~J.},
    title = "{The Primordial Inflation Explorer (PIXIE): a nulling polarimeter for cosmic microwave background observations}",
  journal = {\jcap},
archivePrefix = "arXiv",
   eprint = {1105.2044},
     year = 2011,
    month = jul,
   volume = 7,
      eid = {025},
    pages = {025},
      doi = {10.1088/1475-7516/2011/07/025},
   adsurl = {http://adsabs.harvard.edu/abs/2011JCAP...07..025K},
  adsnote = {Provided by the SAO/NASA Astrophysics Data System}
}

@ARTICLE{2014JLTP..176..733M,
   author = {{Matsumura}, T. and {Akiba}, Y. and {Borrill}, J. and {Chinone}, Y. and 
	{Dobbs}, M. and {Fuke}, H. and {Ghribi}, A. and {Hasegawa}, M. and 
	{Hattori}, K. and {Hattori}, M. and {Hazumi}, M. and {Holzapfel}, W. and 
	{Inoue}, Y. and {Ishidoshiro}, K. and {Ishino}, H. and {Ishitsuka}, H. and 
	{Karatsu}, K. and {Katayama}, N. and {Kawano}, I. and {Kibayashi}, A. and 
	{Kibe}, Y. and {Kimura}, K. and {Kimura}, N. and {Koga}, K. and 
	{Kozu}, M. and {Komatsu}, E. and {Lee}, A. and {Matsuhara}, H. and 
	{Mima}, S. and {Mitsuda}, K. and {Mizukami}, K. and {Morii}, H. and 
	{Morishima}, T. and {Murayama}, S. and {Nagai}, M. and {Nagata}, R. and 
	{Nakamura}, S. and {Naruse}, M. and {Natsume}, K. and {Nishibori}, T. and 
	{Nishino}, H. and {Noda}, A. and {Noguchi}, T. and {Ogawa}, H. and 
	{Oguri}, S. and {Ohta}, I. and {Otani}, C. and {Richards}, P. and 
	{Sakai}, S. and {Sato}, N. and {Sato}, Y. and {Sekimoto}, Y. and 
	{Shimizu}, A. and {Shinozaki}, K. and {Sugita}, H. and {Suzuki}, T. and 
	{Suzuki}, A. and {Tajima}, O. and {Takada}, S. and {Takakura}, S. and 
	{Takei}, Y. and {Tomaru}, T. and {Uzawa}, Y. and {Wada}, T. and 
	{Watanabe}, H. and {Yoshida}, M. and {Yamasaki}, N. and {Yoshida}, T. and 
	{Yotsumoto}, K.},
    title = "{Mission Design of LiteBIRD}",
  journal = {Journal of Low Temperature Physics},
archivePrefix = "arXiv",
   eprint = {1311.2847},
 primaryClass = "astro-ph.IM",
 keywords = {Cosmic microwave background radiation, B-mode polarization, Inflation, Transition edge sensor bolometer for space application},
     year = 2014,
    month = sep,
   volume = 176,
    pages = {733-740},
      doi = {10.1007/s10909-013-0996-1},
   adsurl = {http://adsabs.harvard.edu/abs/2014JLTP..176..733M},
  adsnote = {Provided by the SAO/NASA Astrophysics Data System}
}

@ARTICLE{2010ASSP...14..127R,
   author = {{Rubi{\~n}o-Mart{\'{\i}}n}, J.~A. and {Rebolo}, R. and {Tucci}, M. and 
	{G{\'e}nova-Santos}, R. and {Hildebrandt}, S.~R. and {Hoyland}, R. and 
	{Herreros}, J.~M. and {G{\'o}mez-Re{\~n}asco}, F. and {Caraballo}, C.~L. and 
	{Mart{\'{\i}}nez-Gonz{\'a}lez}, E. and {Vielva}, P. and {Herranz}, D. and 
	{Casas}, F.~J. and {Artal}, E. and {Aja}, B. and {Fuente}, L.~d. and 
	{Cano}, J.~L. and {Villa}, E. and {Mediavilla}, A. and {Pascual}, J.~P. and 
	{Piccirillo}, L. and {Maffei}, B. and {Pisano}, G. and {Watson}, R.~A. and 
	{Davis}, R. and {Davies}, R. and {Battye}, R. and {Saunders}, R. and 
	{Grainge}, K. and {Scott}, P. and {Hobson}, M. and {Lasenby}, A. and 
	{Murga}, G. and {G{\'o}mez}, C. and {G{\'o}mez}, A. and {Ari{\~n}o}, J. and 
	{Sanquirce}, R. and {Pan}, J. and {Vizcarg{\"u}enaga}, A. and 
	{Etxeita}, B.},
    title = "{The QUIJOTE CMB Experiment}",
  journal = {Astrophysics and Space Science Proceedings},
archivePrefix = "arXiv",
   eprint = {0810.3141},
 keywords = {Physics},
     year = 2010,
   volume = 14,
    pages = {127},
      doi = {10.1007/978-3-642-11250-8_12},
   adsurl = {http://adsabs.harvard.edu/abs/2010ASSP...14..127R},
  adsnote = {Provided by the SAO/NASA Astrophysics Data System}
}

@INPROCEEDINGS{2010SPIE.7741E..1IK,
   author = {{King}, O.~G. and {Copley}, C. and {Davies}, R. and {Davis}, R. and 
	{Dickinson}, C. and {Hafez}, Y.~A. and {Holler}, C. and {John}, J.~J. and 
	{Jonas}, J.~L. and {Jones}, M.~E. and {Leahy}, J.~P. and {Muchovej}, S.~J.~C. and 
	{Pearson}, T.~J. and {Readhead}, A.~C.~S. and {Stevenson}, M.~A. and 
	{Taylor}, A.~C.},
    title = "{The C-Band All-Sky Survey: instrument design, status, and first-look data}",
booktitle = {Millimeter, Submillimeter, and Far-Infrared Detectors and Instrumentation for Astronomy V},
     year = 2010,
   series = {\procspie},
   volume = 7741,
archivePrefix = "arXiv",
   eprint = {1008.4082},
 primaryClass = "astro-ph.GA",
    month = jul,
      eid = {77411I},
    pages = {77411I},
      doi = {10.1117/12.858011},
   adsurl = {http://adsabs.harvard.edu/abs/2010SPIE.7741E..1IK},
  adsnote = {Provided by the SAO/NASA Astrophysics Data System}
}

@ARTICLE{2009MNRAS.395.1055A,
   author = {{Ali-Ha{\"i}moud}, Y. and {Hirata}, C.~M. and {Dickinson}, C.
	},
    title = "{A refined model for spinning dust radiation}",
  journal = {\mnras},
archivePrefix = "arXiv",
   eprint = {0812.2904},
 keywords = {radiation mechanisms: non-thermal , dust, extinction , radio continuum: ISM},
     year = 2009,
    month = may,
   volume = 395,
    pages = {1055-1078},
      doi = {10.1111/j.1365-2966.2009.14599.x},
   adsurl = {http://adsabs.harvard.edu/abs/2009MNRAS.395.1055A},
  adsnote = {Provided by the SAO/NASA Astrophysics Data System}
}

@ARTICLE{2011MNRAS.411.2750S,
   author = {{Silsbee}, K. and {Ali-Ha{\"i}moud}, Y. and {Hirata}, C.~M.},
    title = "{Spinning dust emission: the effect of rotation around a non-principal axis}",
  journal = {\mnras},
archivePrefix = "arXiv",
   eprint = {1003.4732},
 keywords = {radiation mechanisms: non-thermal, dust, extinction, radio continuum: ISM},
     year = 2011,
    month = mar,
   volume = 411,
    pages = {2750-2769},
      doi = {10.1111/j.1365-2966.2010.17882.x},
   adsurl = {http://adsabs.harvard.edu/abs/2011MNRAS.411.2750S},
  adsnote = {Provided by the SAO/NASA Astrophysics Data System}
}

@ARTICLE{Buza.inprep,
   author = {{Buza}, V. and et al.},
  journal = {In preparation},
     year = 2016,
}

@ARTICLE{S4.inprep,
   author = {{S4 collaboration} and et al.},
  journal = {In preparation},
     year = 2016,
}

@ARTICLE{2016PhRvL.116c1302B,
   author = {{BICEP2 Collaboration} and {Keck Array Collaboration} and {Ade}, P.~A.~R. and 
	{Ahmed}, Z. and {Aikin}, R.~W. and {Alexander}, K.~D. and {Barkats}, D. and 
	{Benton}, S.~J. and {Bischoff}, C.~A. and {Bock}, J.~J. and 
	{Bowens-Rubin}, R. and {Brevik}, J.~A. and {Buder}, I. and {Bullock}, E. and 
	{Buza}, V. and {Connors}, J. and {Crill}, B.~P. and {Duband}, L. and 
	{Dvorkin}, C. and {Filippini}, J.~P. and {Fliescher}, S. and 
	{Grayson}, J. and {Halpern}, M. and {Harrison}, S. and {Hilton}, G.~C. and 
	{Hui}, H. and {Irwin}, K.~D. and {Karkare}, K.~S. and {Karpel}, E. and 
	{Kaufman}, J.~P. and {Keating}, B.~G. and {Kefeli}, S. and {Kernasovskiy}, S.~A. and 
	{Kovac}, J.~M. and {Kuo}, C.~L. and {Leitch}, E.~M. and {Lueker}, M. and 
	{Megerian}, K.~G. and {Netterfield}, C.~B. and {Nguyen}, H.~T. and 
	{O'Brient}, R. and {Ogburn}, R.~W. and {Orlando}, A. and {Pryke}, C. and 
	{Richter}, S. and {Schwarz}, R. and {Sheehy}, C.~D. and {Staniszewski}, Z.~K. and 
	{Steinbach}, B. and {Sudiwala}, R.~V. and {Teply}, G.~P. and 
	{Thompson}, K.~L. and {Tolan}, J.~E. and {Tucker}, C. and {Turner}, A.~D. and 
	{Vieregg}, A.~G. and {Weber}, A.~C. and {Wiebe}, D.~V. and {Willmert}, J. and 
	{Wong}, C.~L. and {Wu}, W.~L.~K. and {Yoon}, K.~W.},
    title = "{Improved Constraints on Cosmology and Foregrounds from BICEP2 and Keck Array Cosmic Microwave Background Data with Inclusion of 95 GHz Band}",
  journal = {Physical Review Letters},
archivePrefix = "arXiv",
   eprint = {1510.09217},
     year = 2016,
    month = jan,
   volume = 116,
   number = 3,
      eid = {031302},
    pages = {031302},
      doi = {10.1103/PhysRevLett.116.031302},
   adsurl = {http://adsabs.harvard.edu/abs/2016PhRvL.116c1302B},
  adsnote = {Provided by the SAO/NASA Astrophysics Data System}
}

@ARTICLE{2013JCAP...04..047F,
   author = {{Fraisse}, A.~A. and {Ade}, P.~A.~R. and {Amiri}, M. and {Benton}, S.~J. and 
	{Bock}, J.~J. and {Bond}, J.~R. and {Bonetti}, J.~A. and {Bryan}, S. and 
	{Burger}, B. and {Chiang}, H.~C. and {Clark}, C.~N. and {Contaldi}, C.~R. and 
	{Crill}, B.~P. and {Davis}, G. and {Dor{\'e}}, O. and {Farhang}, M. and 
	{Filippini}, J.~P. and {Fissel}, L.~M. and {Gandilo}, N.~N. and 
	{Golwala}, S. and {Gudmundsson}, J.~E. and {Hasselfield}, M. and 
	{Hilton}, G. and {Holmes}, W. and {Hristov}, V.~V. and {Irwin}, K. and 
	{Jones}, W.~C. and {Kuo}, C.~L. and {MacTavish}, C.~J. and {Mason}, P.~V. and 
	{Montroy}, T.~E. and {Morford}, T.~A. and {Netterfield}, C.~B. and 
	{O'Dea}, D.~T. and {Rahlin}, A.~S. and {Reintsema}, C. and {Ruhl}, J.~E. and 
	{Runyan}, M.~C. and {Schenker}, M.~A. and {Shariff}, J.~A. and 
	{Soler}, J.~D. and {Trangsrud}, A. and {Tucker}, C. and {Tucker}, R.~S. and 
	{Turner}, A.~D. and {Wiebe}, D.},
    title = "{SPIDER: probing the early Universe with a suborbital polarimeter}",
  journal = {\jcap},
archivePrefix = "arXiv",
   eprint = {1106.3087},
 primaryClass = "astro-ph.CO",
     year = 2013,
    month = apr,
   volume = 4,
      eid = {047},
    pages = {047},
      doi = {10.1088/1475-7516/2013/04/047},
   adsurl = {http://adsabs.harvard.edu/abs/2013JCAP...04..047F},
  adsnote = {Provided by the SAO/NASA Astrophysics Data System}
}

@ARTICLE{2011MNRAS.418.1498A,
   author = {{Armitage-Caplan}, C. and {Dunkley}, J. and {Eriksen}, H.~K. and 
	{Dickinson}, C.},
    title = "{Large-scale polarized foreground component separation for Planck}",
  journal = {\mnras},
archivePrefix = "arXiv",
   eprint = {1103.2554},
 keywords = {cosmic background radiation, cosmological parameters, cosmology: observations},
     year = 2011,
    month = dec,
   volume = 418,
    pages = {1498-1510},
      doi = {10.1111/j.1365-2966.2011.19307.x},
   adsurl = {http://adsabs.harvard.edu/abs/2011MNRAS.418.1498A},
  adsnote = {Provided by the SAO/NASA Astrophysics Data System}
}

@ARTICLE{2013PhRvD..88b3524F,
   author = {{Fert{\'e}}, A. and {Grain}, J. and {Tristram}, M. and {Stompor}, R.
	},
    title = "{Efficiency of pseudospectrum methods for estimation of the cosmic microwave background B-mode power spectrum}",
  journal = {\prd},
archivePrefix = "arXiv",
   eprint = {1305.7441},
 primaryClass = "astro-ph.CO",
 keywords = {Cosmology, Background radiations, Data analysis: algorithms and implementation, data management},
     year = 2013,
    month = jul,
   volume = 88,
   number = 2,
      eid = {023524},
    pages = {023524},
      doi = {10.1103/PhysRevD.88.023524},
   adsurl = {http://adsabs.harvard.edu/abs/2013PhRvD..88b3524F},
  adsnote = {Provided by the SAO/NASA Astrophysics Data System}
}

@ARTICLE{2009MNRAS.392..216S,
   author = {{Stompor}, R. and {Leach}, S. and {Stivoli}, F. and {Baccigalupi}, C.
	},
    title = "{Maximum likelihood algorithm for parametric component separation in cosmic microwave background experiments}",
  journal = {\mnras},
archivePrefix = "arXiv",
   eprint = {0804.2645},
 keywords = {methods: data analysis , cosmic microwave background , diffuse radiation},
     year = 2009,
    month = jan,
   volume = 392,
    pages = {216-232},
      doi = {10.1111/j.1365-2966.2008.14023.x},
   adsurl = {http://adsabs.harvard.edu/abs/2009MNRAS.392..216S},
  adsnote = {Provided by the SAO/NASA Astrophysics Data System}
}

